@article{o1986automatic,
  title={Automatic smoothing of regression functions in generalized linear models},
  author={O'sullivan, Finbarr and Yandell, Brian S and Raynor Jr, William J},
  journal={Journal of the American Statistical Association},
  volume={81},
  number={393},
  pages={96--103},
  year={1986},
  publisher={Taylor \& Francis}
}

@article{james2013penalized,
  title={Penalized and constrained regression},
  author={James, Gareth M and Paulson, Courtney and Rusmevichientong, Paat},
  journal={Unpublished Manuscript, available at http://www-bcf. usc. edu/\~{} gareth/research/Research. html},
  year={2013}
}

@article{van2008high,
  title={High-dimensional generalized linear models and the lasso},
  author={Van de Geer, Sara A and others},
  journal={The Annals of Statistics},
  volume={36},
  number={2},
  pages={614--645},
  year={2008},
  publisher={Institute of Mathematical Statistics}
}

@article{van2014asymptotically,
  title={On asymptotically optimal confidence regions and tests for high-dimensional models},
  author={Van de Geer, Sara and B{\"u}hlmann, Peter and Ritov, Yaâ€™acov and Dezeure, Ruben and others},
  journal={The Annals of Statistics},
  volume={42},
  number={3},
  pages={1166--1202},
  year={2014},
  publisher={Institute of Mathematical Statistics}
}

@article{valdora2017robust,
  title={Robust Estimation in High Dimensional Generalized Linear Models},
  author={Valdora, Marina and Agostinelli, Claudio and Yohai, Victor J},
  journal={arXiv preprint arXiv:1709.10261},
  year={2017}
}

@inproceedings{xu2017generalized,
  title={Generalized Linear Model Regression under Distance-to-set Penalties},
  author={Xu, Jason and Chi, Eric and Lange, Kenneth},
  booktitle={Advances in Neural Information Processing Systems},
  pages={1385--1395},
  year={2017}
}


@article{sorensen2018covariate,
  title={Covariate selection in high-dimensional generalized linear models with measurement error},
  author={S{\o}rensen, {\O}ystein and Hellton, Kristoffer Herland and Frigessi, Arnoldo and Thoresen, Magne},
  journal={Journal of Computational and Graphical Statistics},
  number={just-accepted},
  year={2018},
  publisher={Taylor \& Francis}
}

@article{jiang2007bayesian,
  title={Bayesian variable selection for high dimensional generalized linear models: convergence rates of the fitted densities},
  author={Jiang, Wenxin and others},
  journal={The Annals of Statistics},
  volume={35},
  number={4},
  pages={1487--1511},
  year={2007},
  publisher={Institute of Mathematical Statistics}
}

@article{lockhart2014significance,
  title={A significance test for the lasso},
  author={Lockhart, Richard and Taylor, Jonathan and Tibshirani, Ryan J and Tibshirani, Robert},
  journal={Annals of statistics},
  volume={42},
  number={2},
  pages={413},
  year={2014},
  publisher={NIH Public Access}
}


@article{shalev2011stochastic,
  title={Stochastic methods for l1-regularized loss minimization},
  author={Shalev-Shwartz, Shai and Tewari, Ambuj},
  journal={Journal of Machine Learning Research},
  volume={12},
  number={Jun},
  pages={1865--1892},
  year={2011}
}


@article{tibshirani1996regression,
  title={Regression shrinkage and selection via the lasso},
  author={Tibshirani, Robert},
  journal={Journal of the Royal Statistical Society. Series B (Methodological)},
  pages={267--288},
  year={1996},
  publisher={JSTOR}
}

@article{park2007l1,
  title={L1-regularization path algorithm for generalized linear models},
  author={Park, Mee Young and Hastie, Trevor},
  journal={Journal of the Royal Statistical Society: Series B (Statistical Methodology)},
  volume={69},
  number={4},
  pages={659--677},
  year={2007},
  publisher={Wiley Online Library}
}
@article{efron2004least,
  title={Least angle regression},
  author={Efron, Bradley and Hastie, Trevor and Johnstone, Iain and Tibshirani, Robert and others},
  journal={The Annals of statistics},
  volume={32},
  number={2},
  pages={407--499},
  year={2004},
  publisher={Institute of Mathematical Statistics}
}

@article{friedman2010regularization,
  title={Regularization paths for generalized linear models via coordinate descent},
  author={Friedman, Jerome and Hastie, Trevor and Tibshirani, Rob},
  journal={Journal of statistical software},
  volume={33},
  number={1},
  pages={1},
  year={2010},
  publisher={NIH Public Access}
}

@article{bradley2011parallel,
  title={Parallel coordinate descent for l1-regularized loss minimization},
  author={Bradley, Joseph K and Kyrola, Aapo and Bickson, Danny and Guestrin, Carlos},
  journal={arXiv preprint arXiv:1105.5379},
  year={2011}
}

