@article{o1986automatic,
  title={Automatic smoothing of regression functions in generalized linear models},
  author={O'sullivan, Finbarr and Yandell, Brian S and Raynor Jr, William J},
  journal={Journal of the American Statistical Association},
  volume={81},
  number={393},
  pages={96--103},
  year={1986},
  publisher={Taylor \& Francis}
}
